%YAML 1.1
%TAG !u! tag:unity3d.com,2011:
--- !u!29 &1
OcclusionCullingSettings:
  m_ObjectHideFlags: 0
  serializedVersion: 2
  m_OcclusionBakeSettings:
    smallestOccluder: 5
    smallestHole: 0.25
    backfaceThreshold: 100
  m_SceneGUID: 00000000000000000000000000000000
  m_OcclusionCullingData: {fileID: 0}
--- !u!104 &2
RenderSettings:
  m_ObjectHideFlags: 0
  serializedVersion: 9
  m_Fog: 0
  m_FogColor: {r: 0.5, g: 0.5, b: 0.5, a: 1}
  m_FogMode: 3
  m_FogDensity: 0.01
  m_LinearFogStart: 0
  m_LinearFogEnd: 300
  m_AmbientSkyColor: {r: 0.212, g: 0.227, b: 0.259, a: 1}
  m_AmbientEquatorColor: {r: 0.114, g: 0.125, b: 0.133, a: 1}
  m_AmbientGroundColor: {r: 0.047, g: 0.043, b: 0.035, a: 1}
  m_AmbientIntensity: 1
  m_AmbientMode: 3
  m_SubtractiveShadowColor: {r: 0.42, g: 0.478, b: 0.627, a: 1}
  m_SkyboxMaterial: {fileID: 0}
  m_HaloStrength: 0.5
  m_FlareStrength: 1
  m_FlareFadeSpeed: 3
  m_HaloTexture: {fileID: 0}
  m_SpotCookie: {fileID: 10001, guid: 0000000000000000e000000000000000, type: 0}
  m_DefaultReflectionMode: 0
  m_DefaultReflectionResolution: 128
  m_ReflectionBounces: 1
  m_ReflectionIntensity: 1
  m_CustomReflection: {fileID: 0}
  m_Sun: {fileID: 0}
  m_IndirectSpecularColor: {r: 0, g: 0, b: 0, a: 1}
  m_UseRadianceAmbientProbe: 0
--- !u!157 &3
LightmapSettings:
  m_ObjectHideFlags: 0
  serializedVersion: 12
  m_GIWorkflowMode: 1
  m_GISettings:
    serializedVersion: 2
    m_BounceScale: 1
    m_IndirectOutputScale: 1
    m_AlbedoBoost: 1
    m_EnvironmentLightingMode: 0
    m_EnableBakedLightmaps: 0
    m_EnableRealtimeLightmaps: 0
  m_LightmapEditorSettings:
    serializedVersion: 12
    m_Resolution: 2
    m_BakeResolution: 40
    m_AtlasSize: 1024
    m_AO: 0
    m_AOMaxDistance: 1
    m_CompAOExponent: 1
    m_CompAOExponentDirect: 0
    m_ExtractAmbientOcclusion: 0
    m_Padding: 2
    m_LightmapParameters: {fileID: 0}
    m_LightmapsBakeMode: 1
    m_TextureCompression: 1
    m_FinalGather: 0
    m_FinalGatherFiltering: 1
    m_FinalGatherRayCount: 256
    m_ReflectionCompression: 2
    m_MixedBakeMode: 2
    m_BakeBackend: 1
    m_PVRSampling: 1
    m_PVRDirectSampleCount: 32
    m_PVRSampleCount: 512
    m_PVRBounces: 2
    m_PVREnvironmentSampleCount: 256
    m_PVREnvironmentReferencePointCount: 2048
    m_PVRFilteringMode: 1
    m_PVRDenoiserTypeDirect: 1
    m_PVRDenoiserTypeIndirect: 1
    m_PVRDenoiserTypeAO: 1
    m_PVRFilterTypeDirect: 0
    m_PVRFilterTypeIndirect: 0
    m_PVRFilterTypeAO: 0
    m_PVREnvironmentMIS: 1
    m_PVRCulling: 1
    m_PVRFilteringGaussRadiusDirect: 1
    m_PVRFilteringGaussRadiusIndirect: 5
    m_PVRFilteringGaussRadiusAO: 2
    m_PVRFilteringAtrousPositionSigmaDirect: 0.5
    m_PVRFilteringAtrousPositionSigmaIndirect: 2
    m_PVRFilteringAtrousPositionSigmaAO: 1
    m_ExportTrainingData: 0
    m_TrainingDataDestination: TrainingData
    m_LightProbeSampleCountMultiplier: 4
  m_LightingDataAsset: {fileID: 0}
  m_LightingSettings: {fileID: 0}
--- !u!196 &4
NavMeshSettings:
  serializedVersion: 2
  m_ObjectHideFlags: 0
  m_BuildSettings:
    serializedVersion: 2
    agentTypeID: 0
    agentRadius: 0.5
    agentHeight: 2
    agentSlope: 45
    agentClimb: 0.4
    ledgeDropHeight: 0
    maxJumpAcrossDistance: 0
    minRegionArea: 2
    manualCellSize: 0
    cellSize: 0.16666667
    manualTileSize: 0
    tileSize: 256
    accuratePlacement: 0
    maxJobWorkers: 0
    preserveTilesOutsideBounds: 0
    debug:
      m_Flags: 0
  m_NavMeshData: {fileID: 0}
--- !u!224 &570502764 stripped
RectTransform:
  m_CorrespondingSourceObject: {fileID: 8495529139515345581, guid: 2369fdee5abe74cafa125adb105bd9e7, type: 3}
  m_PrefabInstance: {fileID: 8495529138944992449}
  m_PrefabAsset: {fileID: 0}
--- !u!1 &1042559338
GameObject:
  m_ObjectHideFlags: 0
  m_CorrespondingSourceObject: {fileID: 0}
  m_PrefabInstance: {fileID: 0}
  m_PrefabAsset: {fileID: 0}
  serializedVersion: 6
  m_Component:
  - component: {fileID: 1042559341}
  - component: {fileID: 1042559340}
  - component: {fileID: 1042559339}
  m_Layer: 0
  m_Name: EventSystem
  m_TagString: Untagged
  m_Icon: {fileID: 0}
  m_NavMeshLayer: 0
  m_StaticEditorFlags: 0
  m_IsActive: 1
--- !u!114 &1042559339
MonoBehaviour:
  m_ObjectHideFlags: 0
  m_CorrespondingSourceObject: {fileID: 0}
  m_PrefabInstance: {fileID: 0}
  m_PrefabAsset: {fileID: 0}
  m_GameObject: {fileID: 1042559338}
  m_Enabled: 1
  m_EditorHideFlags: 0
  m_Script: {fileID: 11500000, guid: 4f231c4fb786f3946a6b90b886c48677, type: 3}
  m_Name: 
  m_EditorClassIdentifier: 
  m_HorizontalAxis: Horizontal
  m_VerticalAxis: Vertical
  m_SubmitButton: Submit
  m_CancelButton: Cancel
  m_InputActionsPerSecond: 10
  m_RepeatDelay: 0.5
  m_ForceModuleActive: 0
--- !u!114 &1042559340
MonoBehaviour:
  m_ObjectHideFlags: 0
  m_CorrespondingSourceObject: {fileID: 0}
  m_PrefabInstance: {fileID: 0}
  m_PrefabAsset: {fileID: 0}
  m_GameObject: {fileID: 1042559338}
  m_Enabled: 1
  m_EditorHideFlags: 0
  m_Script: {fileID: 11500000, guid: 76c392e42b5098c458856cdf6ecaaaa1, type: 3}
  m_Name: 
  m_EditorClassIdentifier: 
  m_FirstSelected: {fileID: 0}
  m_sendNavigationEvents: 1
  m_DragThreshold: 10
--- !u!4 &1042559341
Transform:
  m_ObjectHideFlags: 0
  m_CorrespondingSourceObject: {fileID: 0}
  m_PrefabInstance: {fileID: 0}
  m_PrefabAsset: {fileID: 0}
  m_GameObject: {fileID: 1042559338}
  m_LocalRotation: {x: 0, y: 0, z: 0, w: 1}
  m_LocalPosition: {x: 0, y: 0, z: 0}
  m_LocalScale: {x: 1, y: 1, z: 1}
  m_Children: []
  m_Father: {fileID: 0}
  m_RootOrder: 2
  m_LocalEulerAnglesHint: {x: 0, y: 0, z: 0}
--- !u!1 &1174122737
GameObject:
  m_ObjectHideFlags: 0
  m_CorrespondingSourceObject: {fileID: 0}
  m_PrefabInstance: {fileID: 0}
  m_PrefabAsset: {fileID: 0}
  serializedVersion: 6
  m_Component:
  - component: {fileID: 1174122740}
  - component: {fileID: 1174122739}
  - component: {fileID: 1174122738}
  m_Layer: 0
  m_Name: Main Camera
  m_TagString: MainCamera
  m_Icon: {fileID: 0}
  m_NavMeshLayer: 0
  m_StaticEditorFlags: 0
  m_IsActive: 1
--- !u!81 &1174122738
AudioListener:
  m_ObjectHideFlags: 0
  m_CorrespondingSourceObject: {fileID: 0}
  m_PrefabInstance: {fileID: 0}
  m_PrefabAsset: {fileID: 0}
  m_GameObject: {fileID: 1174122737}
  m_Enabled: 1
--- !u!20 &1174122739
Camera:
  m_ObjectHideFlags: 0
  m_CorrespondingSourceObject: {fileID: 0}
  m_PrefabInstance: {fileID: 0}
  m_PrefabAsset: {fileID: 0}
  m_GameObject: {fileID: 1174122737}
  m_Enabled: 1
  serializedVersion: 2
  m_ClearFlags: 1
  m_BackGroundColor: {r: 0.19215687, g: 0.3019608, b: 0.4745098, a: 0}
  m_projectionMatrixMode: 1
  m_GateFitMode: 2
  m_FOVAxisMode: 0
  m_SensorSize: {x: 36, y: 24}
  m_LensShift: {x: 0, y: 0}
  m_FocalLength: 50
  m_NormalizedViewPortRect:
    serializedVersion: 2
    x: 0
    y: 0
    width: 1
    height: 1
  near clip plane: 0.3
  far clip plane: 1000
  field of view: 60
  orthographic: 1
  orthographic size: 5
  m_Depth: -1
  m_CullingMask:
    serializedVersion: 2
    m_Bits: 4294967295
  m_RenderingPath: -1
  m_TargetTexture: {fileID: 0}
  m_TargetDisplay: 0
  m_TargetEye: 3
  m_HDR: 1
  m_AllowMSAA: 1
  m_AllowDynamicResolution: 0
  m_ForceIntoRT: 0
  m_OcclusionCulling: 1
  m_StereoConvergence: 10
  m_StereoSeparation: 0.022
--- !u!4 &1174122740
Transform:
  m_ObjectHideFlags: 0
  m_CorrespondingSourceObject: {fileID: 0}
  m_PrefabInstance: {fileID: 0}
  m_PrefabAsset: {fileID: 0}
  m_GameObject: {fileID: 1174122737}
  m_LocalRotation: {x: 0, y: 0, z: 0, w: 1}
  m_LocalPosition: {x: 0, y: 0, z: -10}
  m_LocalScale: {x: 1, y: 1, z: 1}
  m_Children: []
  m_Father: {fileID: 0}
  m_RootOrder: 0
  m_LocalEulerAnglesHint: {x: 0, y: 0, z: 0}
--- !u!1 &1723088617
GameObject:
  m_ObjectHideFlags: 0
  m_CorrespondingSourceObject: {fileID: 0}
  m_PrefabInstance: {fileID: 0}
  m_PrefabAsset: {fileID: 0}
  serializedVersion: 6
  m_Component:
  - component: {fileID: 1723088621}
  - component: {fileID: 1723088620}
  - component: {fileID: 1723088619}
  - component: {fileID: 1723088618}
  m_Layer: 5
  m_Name: Canvas
  m_TagString: Untagged
  m_Icon: {fileID: 0}
  m_NavMeshLayer: 0
  m_StaticEditorFlags: 0
  m_IsActive: 1
--- !u!114 &1723088618
MonoBehaviour:
  m_ObjectHideFlags: 0
  m_CorrespondingSourceObject: {fileID: 0}
  m_PrefabInstance: {fileID: 0}
  m_PrefabAsset: {fileID: 0}
  m_GameObject: {fileID: 1723088617}
  m_Enabled: 1
  m_EditorHideFlags: 0
  m_Script: {fileID: 11500000, guid: dc42784cf147c0c48a680349fa168899, type: 3}
  m_Name: 
  m_EditorClassIdentifier: 
  m_IgnoreReversedGraphics: 1
  m_BlockingObjects: 0
  m_BlockingMask:
    serializedVersion: 2
    m_Bits: 4294967295
--- !u!114 &1723088619
MonoBehaviour:
  m_ObjectHideFlags: 0
  m_CorrespondingSourceObject: {fileID: 0}
  m_PrefabInstance: {fileID: 0}
  m_PrefabAsset: {fileID: 0}
  m_GameObject: {fileID: 1723088617}
  m_Enabled: 1
  m_EditorHideFlags: 0
  m_Script: {fileID: 11500000, guid: 0cd44c1031e13a943bb63640046fad76, type: 3}
  m_Name: 
  m_EditorClassIdentifier: 
  m_UiScaleMode: 1
  m_ReferencePixelsPerUnit: 100
  m_ScaleFactor: 1
  m_ReferenceResolution: {x: 1920, y: 1080}
  m_ScreenMatchMode: 0
  m_MatchWidthOrHeight: 0
  m_PhysicalUnit: 3
  m_FallbackScreenDPI: 96
  m_DefaultSpriteDPI: 96
  m_DynamicPixelsPerUnit: 1
--- !u!223 &1723088620
Canvas:
  m_ObjectHideFlags: 0
  m_CorrespondingSourceObject: {fileID: 0}
  m_PrefabInstance: {fileID: 0}
  m_PrefabAsset: {fileID: 0}
  m_GameObject: {fileID: 1723088617}
  m_Enabled: 1
  serializedVersion: 3
  m_RenderMode: 0
  m_Camera: {fileID: 0}
  m_PlaneDistance: 100
  m_PixelPerfect: 0
  m_ReceivesEvents: 1
  m_OverrideSorting: 0
  m_OverridePixelPerfect: 0
  m_SortingBucketNormalizedSize: 0
  m_AdditionalShaderChannelsFlag: 0
  m_SortingLayerID: 0
  m_SortingOrder: 0
  m_TargetDisplay: 0
--- !u!224 &1723088621
RectTransform:
  m_ObjectHideFlags: 0
  m_CorrespondingSourceObject: {fileID: 0}
  m_PrefabInstance: {fileID: 0}
  m_PrefabAsset: {fileID: 0}
  m_GameObject: {fileID: 1723088617}
  m_LocalRotation: {x: 0, y: 0, z: 0, w: 1}
  m_LocalPosition: {x: 0, y: 0, z: 0}
  m_LocalScale: {x: 0, y: 0, z: 0}
  m_Children:
  - {fileID: 570502764}
  m_Father: {fileID: 0}
  m_RootOrder: 1
  m_LocalEulerAnglesHint: {x: 0, y: 0, z: 0}
  m_AnchorMin: {x: 0, y: 0}
  m_AnchorMax: {x: 0, y: 0}
  m_AnchoredPosition: {x: 0, y: 0}
  m_SizeDelta: {x: 0, y: 0}
  m_Pivot: {x: 0, y: 0}
--- !u!114 &1774033014 stripped
MonoBehaviour:
  m_CorrespondingSourceObject: {fileID: 6984379209809313618, guid: 2369fdee5abe74cafa125adb105bd9e7, type: 3}
  m_PrefabInstance: {fileID: 8495529138944992449}
  m_PrefabAsset: {fileID: 0}
  m_GameObject: {fileID: 0}
  m_Enabled: 1
  m_EditorHideFlags: 0
  m_Script: {fileID: 11500000, guid: 12eac1fb836f45cfacec19efff955453, type: 3}
  m_Name: 
  m_EditorClassIdentifier: 
--- !u!1001 &8495529138944992449
PrefabInstance:
  m_ObjectHideFlags: 0
  serializedVersion: 2
  m_Modification:
    m_TransformParent: {fileID: 1723088621}
    m_Modifications:
    - target: {fileID: 169259787062424103, guid: 2369fdee5abe74cafa125adb105bd9e7, type: 3}
      propertyPath: m_AnchorMin.y
      value: 0
      objectReference: {fileID: 0}
    - target: {fileID: 169259787062424103, guid: 2369fdee5abe74cafa125adb105bd9e7, type: 3}
      propertyPath: m_AnchorMax.y
      value: 0
      objectReference: {fileID: 0}
    - target: {fileID: 169259787062424103, guid: 2369fdee5abe74cafa125adb105bd9e7, type: 3}
      propertyPath: m_AnchoredPosition.x
      value: 0
      objectReference: {fileID: 0}
    - target: {fileID: 169259787062424103, guid: 2369fdee5abe74cafa125adb105bd9e7, type: 3}
      propertyPath: m_AnchoredPosition.y
      value: 0
      objectReference: {fileID: 0}
    - target: {fileID: 169259787062424103, guid: 2369fdee5abe74cafa125adb105bd9e7, type: 3}
      propertyPath: m_SizeDelta.x
      value: 0
      objectReference: {fileID: 0}
    - target: {fileID: 169259787062424103, guid: 2369fdee5abe74cafa125adb105bd9e7, type: 3}
      propertyPath: m_SizeDelta.y
      value: 0
      objectReference: {fileID: 0}
    - target: {fileID: 397635284548935969, guid: 2369fdee5abe74cafa125adb105bd9e7, type: 3}
      propertyPath: m_AnchorMin.y
      value: 0
      objectReference: {fileID: 0}
    - target: {fileID: 397635284548935969, guid: 2369fdee5abe74cafa125adb105bd9e7, type: 3}
      propertyPath: m_AnchorMax.y
      value: 0
      objectReference: {fileID: 0}
    - target: {fileID: 397635284548935969, guid: 2369fdee5abe74cafa125adb105bd9e7, type: 3}
      propertyPath: m_AnchoredPosition.x
      value: 0
      objectReference: {fileID: 0}
    - target: {fileID: 397635284548935969, guid: 2369fdee5abe74cafa125adb105bd9e7, type: 3}
      propertyPath: m_AnchoredPosition.y
      value: 0
      objectReference: {fileID: 0}
    - target: {fileID: 397635284548935969, guid: 2369fdee5abe74cafa125adb105bd9e7, type: 3}
      propertyPath: m_SizeDelta.x
      value: 0
      objectReference: {fileID: 0}
    - target: {fileID: 397635284548935969, guid: 2369fdee5abe74cafa125adb105bd9e7, type: 3}
      propertyPath: m_SizeDelta.y
      value: 0
      objectReference: {fileID: 0}
    - target: {fileID: 599699035278153810, guid: 2369fdee5abe74cafa125adb105bd9e7, type: 3}
      propertyPath: m_RaycastTarget
      value: 0
      objectReference: {fileID: 0}
    - target: {fileID: 726354306172390562, guid: 2369fdee5abe74cafa125adb105bd9e7, type: 3}
      propertyPath: m_AnchorMin.y
      value: 0
      objectReference: {fileID: 0}
    - target: {fileID: 726354306172390562, guid: 2369fdee5abe74cafa125adb105bd9e7, type: 3}
      propertyPath: m_AnchorMax.y
      value: 0
      objectReference: {fileID: 0}
    - target: {fileID: 726354306172390562, guid: 2369fdee5abe74cafa125adb105bd9e7, type: 3}
      propertyPath: m_AnchoredPosition.x
      value: 0
      objectReference: {fileID: 0}
    - target: {fileID: 726354306172390562, guid: 2369fdee5abe74cafa125adb105bd9e7, type: 3}
      propertyPath: m_AnchoredPosition.y
      value: 0
      objectReference: {fileID: 0}
    - target: {fileID: 726354306172390562, guid: 2369fdee5abe74cafa125adb105bd9e7, type: 3}
      propertyPath: m_SizeDelta.x
      value: 0
      objectReference: {fileID: 0}
    - target: {fileID: 726354306172390562, guid: 2369fdee5abe74cafa125adb105bd9e7, type: 3}
      propertyPath: m_SizeDelta.y
      value: 0
      objectReference: {fileID: 0}
    - target: {fileID: 843936115552410510, guid: 2369fdee5abe74cafa125adb105bd9e7, type: 3}
      propertyPath: m_AnchorMin.y
      value: 0
      objectReference: {fileID: 0}
    - target: {fileID: 843936115552410510, guid: 2369fdee5abe74cafa125adb105bd9e7, type: 3}
      propertyPath: m_AnchorMax.y
      value: 0
      objectReference: {fileID: 0}
    - target: {fileID: 843936115552410510, guid: 2369fdee5abe74cafa125adb105bd9e7, type: 3}
      propertyPath: m_AnchoredPosition.x
      value: 0
      objectReference: {fileID: 0}
    - target: {fileID: 843936115552410510, guid: 2369fdee5abe74cafa125adb105bd9e7, type: 3}
      propertyPath: m_AnchoredPosition.y
      value: 0
      objectReference: {fileID: 0}
    - target: {fileID: 843936115552410510, guid: 2369fdee5abe74cafa125adb105bd9e7, type: 3}
      propertyPath: m_SizeDelta.x
      value: 0
      objectReference: {fileID: 0}
    - target: {fileID: 843936115552410510, guid: 2369fdee5abe74cafa125adb105bd9e7, type: 3}
      propertyPath: m_SizeDelta.y
      value: 0
      objectReference: {fileID: 0}
    - target: {fileID: 854645101619347118, guid: 2369fdee5abe74cafa125adb105bd9e7, type: 3}
      propertyPath: m_AnchorMin.y
      value: 0
      objectReference: {fileID: 0}
    - target: {fileID: 854645101619347118, guid: 2369fdee5abe74cafa125adb105bd9e7, type: 3}
      propertyPath: m_AnchorMax.y
      value: 0
      objectReference: {fileID: 0}
    - target: {fileID: 854645101619347118, guid: 2369fdee5abe74cafa125adb105bd9e7, type: 3}
      propertyPath: m_AnchoredPosition.x
      value: 0
      objectReference: {fileID: 0}
    - target: {fileID: 854645101619347118, guid: 2369fdee5abe74cafa125adb105bd9e7, type: 3}
      propertyPath: m_AnchoredPosition.y
      value: 0
      objectReference: {fileID: 0}
    - target: {fileID: 854645101619347118, guid: 2369fdee5abe74cafa125adb105bd9e7, type: 3}
      propertyPath: m_SizeDelta.x
      value: 0
      objectReference: {fileID: 0}
    - target: {fileID: 854645101619347118, guid: 2369fdee5abe74cafa125adb105bd9e7, type: 3}
      propertyPath: m_SizeDelta.y
      value: 0
      objectReference: {fileID: 0}
    - target: {fileID: 1102996739971130112, guid: 2369fdee5abe74cafa125adb105bd9e7, type: 3}
      propertyPath: m_AnchorMin.y
      value: 0
      objectReference: {fileID: 0}
    - target: {fileID: 1102996739971130112, guid: 2369fdee5abe74cafa125adb105bd9e7, type: 3}
      propertyPath: m_AnchorMax.y
      value: 0
      objectReference: {fileID: 0}
    - target: {fileID: 1102996739971130112, guid: 2369fdee5abe74cafa125adb105bd9e7, type: 3}
      propertyPath: m_AnchoredPosition.x
      value: 0
      objectReference: {fileID: 0}
    - target: {fileID: 1102996739971130112, guid: 2369fdee5abe74cafa125adb105bd9e7, type: 3}
      propertyPath: m_AnchoredPosition.y
      value: 0
      objectReference: {fileID: 0}
    - target: {fileID: 1102996739971130112, guid: 2369fdee5abe74cafa125adb105bd9e7, type: 3}
      propertyPath: m_SizeDelta.x
      value: 0
      objectReference: {fileID: 0}
    - target: {fileID: 1102996739971130112, guid: 2369fdee5abe74cafa125adb105bd9e7, type: 3}
      propertyPath: m_SizeDelta.y
      value: 0
      objectReference: {fileID: 0}
    - target: {fileID: 1232611076065900410, guid: 2369fdee5abe74cafa125adb105bd9e7, type: 3}
      propertyPath: m_AnchorMin.y
      value: 0
      objectReference: {fileID: 0}
    - target: {fileID: 1232611076065900410, guid: 2369fdee5abe74cafa125adb105bd9e7, type: 3}
      propertyPath: m_AnchorMax.y
      value: 0
      objectReference: {fileID: 0}
    - target: {fileID: 1232611076065900410, guid: 2369fdee5abe74cafa125adb105bd9e7, type: 3}
      propertyPath: m_AnchoredPosition.x
      value: 0
      objectReference: {fileID: 0}
    - target: {fileID: 1232611076065900410, guid: 2369fdee5abe74cafa125adb105bd9e7, type: 3}
      propertyPath: m_AnchoredPosition.y
      value: 0
      objectReference: {fileID: 0}
    - target: {fileID: 1232611076065900410, guid: 2369fdee5abe74cafa125adb105bd9e7, type: 3}
      propertyPath: m_SizeDelta.x
      value: 0
      objectReference: {fileID: 0}
    - target: {fileID: 1232611076065900410, guid: 2369fdee5abe74cafa125adb105bd9e7, type: 3}
      propertyPath: m_SizeDelta.y
      value: 0
      objectReference: {fileID: 0}
    - target: {fileID: 1356377288080295152, guid: 2369fdee5abe74cafa125adb105bd9e7, type: 3}
      propertyPath: m_IsActive
      value: 0
      objectReference: {fileID: 0}
    - target: {fileID: 1607367309577350998, guid: 2369fdee5abe74cafa125adb105bd9e7, type: 3}
      propertyPath: m_AnchorMin.y
      value: 0
      objectReference: {fileID: 0}
    - target: {fileID: 1607367309577350998, guid: 2369fdee5abe74cafa125adb105bd9e7, type: 3}
      propertyPath: m_AnchorMax.y
      value: 0
      objectReference: {fileID: 0}
    - target: {fileID: 1607367309577350998, guid: 2369fdee5abe74cafa125adb105bd9e7, type: 3}
      propertyPath: m_AnchoredPosition.x
      value: 0
      objectReference: {fileID: 0}
    - target: {fileID: 1607367309577350998, guid: 2369fdee5abe74cafa125adb105bd9e7, type: 3}
      propertyPath: m_AnchoredPosition.y
      value: 0
      objectReference: {fileID: 0}
    - target: {fileID: 1607367309577350998, guid: 2369fdee5abe74cafa125adb105bd9e7, type: 3}
      propertyPath: m_SizeDelta.x
      value: 0
      objectReference: {fileID: 0}
    - target: {fileID: 1607367309577350998, guid: 2369fdee5abe74cafa125adb105bd9e7, type: 3}
      propertyPath: m_SizeDelta.y
      value: 0
      objectReference: {fileID: 0}
    - target: {fileID: 1876441868315522334, guid: 2369fdee5abe74cafa125adb105bd9e7, type: 3}
      propertyPath: m_AnchorMin.y
      value: 0
      objectReference: {fileID: 0}
    - target: {fileID: 1876441868315522334, guid: 2369fdee5abe74cafa125adb105bd9e7, type: 3}
      propertyPath: m_AnchorMax.y
      value: 0
      objectReference: {fileID: 0}
    - target: {fileID: 1876441868315522334, guid: 2369fdee5abe74cafa125adb105bd9e7, type: 3}
      propertyPath: m_AnchoredPosition.x
      value: 0
      objectReference: {fileID: 0}
    - target: {fileID: 1876441868315522334, guid: 2369fdee5abe74cafa125adb105bd9e7, type: 3}
      propertyPath: m_AnchoredPosition.y
      value: 0
      objectReference: {fileID: 0}
    - target: {fileID: 1876441868315522334, guid: 2369fdee5abe74cafa125adb105bd9e7, type: 3}
      propertyPath: m_SizeDelta.x
      value: 0
      objectReference: {fileID: 0}
    - target: {fileID: 1876441868315522334, guid: 2369fdee5abe74cafa125adb105bd9e7, type: 3}
      propertyPath: m_SizeDelta.y
      value: 0
      objectReference: {fileID: 0}
    - target: {fileID: 2142543273884413401, guid: 2369fdee5abe74cafa125adb105bd9e7, type: 3}
      propertyPath: m_AnchorMin.y
      value: 0
      objectReference: {fileID: 0}
    - target: {fileID: 2142543273884413401, guid: 2369fdee5abe74cafa125adb105bd9e7, type: 3}
      propertyPath: m_AnchorMax.y
      value: 0
      objectReference: {fileID: 0}
    - target: {fileID: 2142543273884413401, guid: 2369fdee5abe74cafa125adb105bd9e7, type: 3}
      propertyPath: m_AnchoredPosition.x
      value: 0
      objectReference: {fileID: 0}
    - target: {fileID: 2142543273884413401, guid: 2369fdee5abe74cafa125adb105bd9e7, type: 3}
      propertyPath: m_AnchoredPosition.y
      value: 0
      objectReference: {fileID: 0}
    - target: {fileID: 2215105416481320643, guid: 2369fdee5abe74cafa125adb105bd9e7, type: 3}
      propertyPath: m_AnchorMin.y
      value: 0
      objectReference: {fileID: 0}
    - target: {fileID: 2215105416481320643, guid: 2369fdee5abe74cafa125adb105bd9e7, type: 3}
      propertyPath: m_AnchorMax.y
      value: 0
      objectReference: {fileID: 0}
    - target: {fileID: 2215105416481320643, guid: 2369fdee5abe74cafa125adb105bd9e7, type: 3}
      propertyPath: m_AnchoredPosition.x
      value: 0
      objectReference: {fileID: 0}
    - target: {fileID: 2215105416481320643, guid: 2369fdee5abe74cafa125adb105bd9e7, type: 3}
      propertyPath: m_AnchoredPosition.y
      value: 0
      objectReference: {fileID: 0}
    - target: {fileID: 2215105416481320643, guid: 2369fdee5abe74cafa125adb105bd9e7, type: 3}
      propertyPath: m_SizeDelta.x
      value: 0
      objectReference: {fileID: 0}
    - target: {fileID: 2215105416481320643, guid: 2369fdee5abe74cafa125adb105bd9e7, type: 3}
      propertyPath: m_SizeDelta.y
      value: 0
      objectReference: {fileID: 0}
    - target: {fileID: 2767690707691713464, guid: 2369fdee5abe74cafa125adb105bd9e7, type: 3}
      propertyPath: m_AnchorMin.y
      value: 0
      objectReference: {fileID: 0}
    - target: {fileID: 2767690707691713464, guid: 2369fdee5abe74cafa125adb105bd9e7, type: 3}
      propertyPath: m_AnchorMax.y
      value: 0
      objectReference: {fileID: 0}
    - target: {fileID: 2767690707691713464, guid: 2369fdee5abe74cafa125adb105bd9e7, type: 3}
      propertyPath: m_AnchoredPosition.x
      value: 0
      objectReference: {fileID: 0}
    - target: {fileID: 2767690707691713464, guid: 2369fdee5abe74cafa125adb105bd9e7, type: 3}
      propertyPath: m_AnchoredPosition.y
      value: 0
      objectReference: {fileID: 0}
    - target: {fileID: 2767690707691713464, guid: 2369fdee5abe74cafa125adb105bd9e7, type: 3}
      propertyPath: m_SizeDelta.x
      value: 0
      objectReference: {fileID: 0}
    - target: {fileID: 2767690707691713464, guid: 2369fdee5abe74cafa125adb105bd9e7, type: 3}
      propertyPath: m_SizeDelta.y
      value: 0
      objectReference: {fileID: 0}
    - target: {fileID: 3075662048352800838, guid: 2369fdee5abe74cafa125adb105bd9e7, type: 3}
      propertyPath: tooltipObject
      value: 
      objectReference: {fileID: 0}
    - target: {fileID: 3075662048352800838, guid: 2369fdee5abe74cafa125adb105bd9e7, type: 3}
      propertyPath: deleteConfirmObject
      value: 
      objectReference: {fileID: 0}
    - target: {fileID: 3100449261365037248, guid: 2369fdee5abe74cafa125adb105bd9e7, type: 3}
      propertyPath: m_AnchoredPosition.x
      value: -249
      objectReference: {fileID: 0}
    - target: {fileID: 3850908340327976368, guid: 2369fdee5abe74cafa125adb105bd9e7, type: 3}
      propertyPath: m_AnchorMin.y
      value: 0
      objectReference: {fileID: 0}
    - target: {fileID: 3850908340327976368, guid: 2369fdee5abe74cafa125adb105bd9e7, type: 3}
      propertyPath: m_AnchorMax.y
      value: 0
      objectReference: {fileID: 0}
    - target: {fileID: 3850908340327976368, guid: 2369fdee5abe74cafa125adb105bd9e7, type: 3}
      propertyPath: m_AnchoredPosition.x
      value: 0
      objectReference: {fileID: 0}
    - target: {fileID: 3850908340327976368, guid: 2369fdee5abe74cafa125adb105bd9e7, type: 3}
      propertyPath: m_AnchoredPosition.y
      value: 0
      objectReference: {fileID: 0}
    - target: {fileID: 4026604678250669213, guid: 2369fdee5abe74cafa125adb105bd9e7, type: 3}
      propertyPath: m_AnchorMin.y
      value: 0
      objectReference: {fileID: 0}
    - target: {fileID: 4026604678250669213, guid: 2369fdee5abe74cafa125adb105bd9e7, type: 3}
      propertyPath: m_AnchorMax.y
      value: 0
      objectReference: {fileID: 0}
    - target: {fileID: 4026604678250669213, guid: 2369fdee5abe74cafa125adb105bd9e7, type: 3}
      propertyPath: m_AnchoredPosition.x
      value: 0
      objectReference: {fileID: 0}
    - target: {fileID: 4026604678250669213, guid: 2369fdee5abe74cafa125adb105bd9e7, type: 3}
      propertyPath: m_AnchoredPosition.y
      value: 0
      objectReference: {fileID: 0}
    - target: {fileID: 4254047775884556486, guid: 2369fdee5abe74cafa125adb105bd9e7, type: 3}
      propertyPath: m_AnchorMin.y
      value: 0
      objectReference: {fileID: 0}
    - target: {fileID: 4254047775884556486, guid: 2369fdee5abe74cafa125adb105bd9e7, type: 3}
      propertyPath: m_AnchorMax.y
      value: 0
      objectReference: {fileID: 0}
    - target: {fileID: 4254047775884556486, guid: 2369fdee5abe74cafa125adb105bd9e7, type: 3}
      propertyPath: m_AnchoredPosition.x
      value: 0
      objectReference: {fileID: 0}
    - target: {fileID: 4254047775884556486, guid: 2369fdee5abe74cafa125adb105bd9e7, type: 3}
      propertyPath: m_AnchoredPosition.y
      value: 0
      objectReference: {fileID: 0}
    - target: {fileID: 4254047775884556486, guid: 2369fdee5abe74cafa125adb105bd9e7, type: 3}
      propertyPath: m_SizeDelta.x
      value: 0
      objectReference: {fileID: 0}
    - target: {fileID: 4254047775884556486, guid: 2369fdee5abe74cafa125adb105bd9e7, type: 3}
      propertyPath: m_SizeDelta.y
      value: 0
      objectReference: {fileID: 0}
    - target: {fileID: 4303838936546711978, guid: 2369fdee5abe74cafa125adb105bd9e7, type: 3}
      propertyPath: m_AnchorMin.y
      value: 0
      objectReference: {fileID: 0}
    - target: {fileID: 4303838936546711978, guid: 2369fdee5abe74cafa125adb105bd9e7, type: 3}
      propertyPath: m_AnchorMax.y
      value: 0
      objectReference: {fileID: 0}
    - target: {fileID: 4303838936546711978, guid: 2369fdee5abe74cafa125adb105bd9e7, type: 3}
      propertyPath: m_AnchoredPosition.x
      value: 0
      objectReference: {fileID: 0}
    - target: {fileID: 4303838936546711978, guid: 2369fdee5abe74cafa125adb105bd9e7, type: 3}
      propertyPath: m_AnchoredPosition.y
      value: 0
      objectReference: {fileID: 0}
    - target: {fileID: 4303838936546711978, guid: 2369fdee5abe74cafa125adb105bd9e7, type: 3}
      propertyPath: m_SizeDelta.x
      value: 0
      objectReference: {fileID: 0}
    - target: {fileID: 4303838936546711978, guid: 2369fdee5abe74cafa125adb105bd9e7, type: 3}
      propertyPath: m_SizeDelta.y
      value: 0
      objectReference: {fileID: 0}
    - target: {fileID: 4350494004524849311, guid: 2369fdee5abe74cafa125adb105bd9e7, type: 3}
      propertyPath: m_AnchorMin.y
      value: 0
      objectReference: {fileID: 0}
    - target: {fileID: 4350494004524849311, guid: 2369fdee5abe74cafa125adb105bd9e7, type: 3}
      propertyPath: m_AnchorMax.y
      value: 0
      objectReference: {fileID: 0}
    - target: {fileID: 4350494004524849311, guid: 2369fdee5abe74cafa125adb105bd9e7, type: 3}
      propertyPath: m_AnchoredPosition.x
      value: 0
      objectReference: {fileID: 0}
    - target: {fileID: 4350494004524849311, guid: 2369fdee5abe74cafa125adb105bd9e7, type: 3}
      propertyPath: m_AnchoredPosition.y
      value: 0
      objectReference: {fileID: 0}
    - target: {fileID: 4350494004524849311, guid: 2369fdee5abe74cafa125adb105bd9e7, type: 3}
      propertyPath: m_SizeDelta.x
      value: 0
      objectReference: {fileID: 0}
    - target: {fileID: 4350494004524849311, guid: 2369fdee5abe74cafa125adb105bd9e7, type: 3}
      propertyPath: m_SizeDelta.y
      value: 0
      objectReference: {fileID: 0}
    - target: {fileID: 4635536470940768520, guid: 2369fdee5abe74cafa125adb105bd9e7, type: 3}
      propertyPath: m_AnchorMin.y
      value: 0
      objectReference: {fileID: 0}
    - target: {fileID: 4635536470940768520, guid: 2369fdee5abe74cafa125adb105bd9e7, type: 3}
      propertyPath: m_AnchorMax.y
      value: 0
      objectReference: {fileID: 0}
    - target: {fileID: 4635536470940768520, guid: 2369fdee5abe74cafa125adb105bd9e7, type: 3}
      propertyPath: m_AnchoredPosition.x
      value: 0
      objectReference: {fileID: 0}
    - target: {fileID: 4635536470940768520, guid: 2369fdee5abe74cafa125adb105bd9e7, type: 3}
      propertyPath: m_AnchoredPosition.y
      value: 0
      objectReference: {fileID: 0}
    - target: {fileID: 4635536470940768520, guid: 2369fdee5abe74cafa125adb105bd9e7, type: 3}
      propertyPath: m_SizeDelta.x
      value: 0
      objectReference: {fileID: 0}
    - target: {fileID: 4635536470940768520, guid: 2369fdee5abe74cafa125adb105bd9e7, type: 3}
      propertyPath: m_SizeDelta.y
      value: 0
      objectReference: {fileID: 0}
    - target: {fileID: 4836204675802817758, guid: 2369fdee5abe74cafa125adb105bd9e7, type: 3}
      propertyPath: m_AnchorMin.y
      value: 0
      objectReference: {fileID: 0}
    - target: {fileID: 4836204675802817758, guid: 2369fdee5abe74cafa125adb105bd9e7, type: 3}
      propertyPath: m_AnchorMax.y
      value: 0
      objectReference: {fileID: 0}
    - target: {fileID: 4836204675802817758, guid: 2369fdee5abe74cafa125adb105bd9e7, type: 3}
      propertyPath: m_AnchoredPosition.x
      value: 0
      objectReference: {fileID: 0}
    - target: {fileID: 4836204675802817758, guid: 2369fdee5abe74cafa125adb105bd9e7, type: 3}
      propertyPath: m_AnchoredPosition.y
      value: 0
      objectReference: {fileID: 0}
    - target: {fileID: 4836204675802817758, guid: 2369fdee5abe74cafa125adb105bd9e7, type: 3}
      propertyPath: m_SizeDelta.x
      value: 0
      objectReference: {fileID: 0}
    - target: {fileID: 4836204675802817758, guid: 2369fdee5abe74cafa125adb105bd9e7, type: 3}
      propertyPath: m_SizeDelta.y
      value: 0
      objectReference: {fileID: 0}
    - target: {fileID: 5048370328629403959, guid: 2369fdee5abe74cafa125adb105bd9e7, type: 3}
      propertyPath: m_AnchorMin.y
      value: 0
      objectReference: {fileID: 0}
    - target: {fileID: 5048370328629403959, guid: 2369fdee5abe74cafa125adb105bd9e7, type: 3}
      propertyPath: m_AnchorMax.y
      value: 0
      objectReference: {fileID: 0}
    - target: {fileID: 5048370328629403959, guid: 2369fdee5abe74cafa125adb105bd9e7, type: 3}
      propertyPath: m_AnchoredPosition.x
      value: 0
      objectReference: {fileID: 0}
    - target: {fileID: 5048370328629403959, guid: 2369fdee5abe74cafa125adb105bd9e7, type: 3}
      propertyPath: m_AnchoredPosition.y
      value: 0
      objectReference: {fileID: 0}
    - target: {fileID: 5055833158525746834, guid: 2369fdee5abe74cafa125adb105bd9e7, type: 3}
      propertyPath: m_AnchorMin.y
      value: 0
      objectReference: {fileID: 0}
    - target: {fileID: 5055833158525746834, guid: 2369fdee5abe74cafa125adb105bd9e7, type: 3}
      propertyPath: m_AnchorMax.y
      value: 0
      objectReference: {fileID: 0}
    - target: {fileID: 5055833158525746834, guid: 2369fdee5abe74cafa125adb105bd9e7, type: 3}
      propertyPath: m_AnchoredPosition.x
      value: 0
      objectReference: {fileID: 0}
    - target: {fileID: 5055833158525746834, guid: 2369fdee5abe74cafa125adb105bd9e7, type: 3}
      propertyPath: m_AnchoredPosition.y
      value: 0
      objectReference: {fileID: 0}
    - target: {fileID: 5055833158525746834, guid: 2369fdee5abe74cafa125adb105bd9e7, type: 3}
      propertyPath: m_SizeDelta.x
      value: 0
      objectReference: {fileID: 0}
    - target: {fileID: 5055833158525746834, guid: 2369fdee5abe74cafa125adb105bd9e7, type: 3}
      propertyPath: m_SizeDelta.y
      value: 0
      objectReference: {fileID: 0}
    - target: {fileID: 5117872123193704746, guid: 2369fdee5abe74cafa125adb105bd9e7, type: 3}
      propertyPath: m_AnchorMin.y
      value: 0
      objectReference: {fileID: 0}
    - target: {fileID: 5117872123193704746, guid: 2369fdee5abe74cafa125adb105bd9e7, type: 3}
      propertyPath: m_AnchorMax.y
      value: 0
      objectReference: {fileID: 0}
    - target: {fileID: 5117872123193704746, guid: 2369fdee5abe74cafa125adb105bd9e7, type: 3}
      propertyPath: m_AnchoredPosition.x
      value: 0
      objectReference: {fileID: 0}
    - target: {fileID: 5117872123193704746, guid: 2369fdee5abe74cafa125adb105bd9e7, type: 3}
      propertyPath: m_AnchoredPosition.y
      value: 0
      objectReference: {fileID: 0}
    - target: {fileID: 5117872123193704746, guid: 2369fdee5abe74cafa125adb105bd9e7, type: 3}
      propertyPath: m_SizeDelta.x
      value: 0
      objectReference: {fileID: 0}
    - target: {fileID: 5117872123193704746, guid: 2369fdee5abe74cafa125adb105bd9e7, type: 3}
      propertyPath: m_SizeDelta.y
      value: 0
      objectReference: {fileID: 0}
    - target: {fileID: 5305987131552372999, guid: 2369fdee5abe74cafa125adb105bd9e7, type: 3}
      propertyPath: m_AnchorMin.y
      value: 0
      objectReference: {fileID: 0}
    - target: {fileID: 5305987131552372999, guid: 2369fdee5abe74cafa125adb105bd9e7, type: 3}
      propertyPath: m_AnchorMax.y
      value: 0
      objectReference: {fileID: 0}
    - target: {fileID: 5305987131552372999, guid: 2369fdee5abe74cafa125adb105bd9e7, type: 3}
      propertyPath: m_AnchoredPosition.x
      value: 0
      objectReference: {fileID: 0}
    - target: {fileID: 5305987131552372999, guid: 2369fdee5abe74cafa125adb105bd9e7, type: 3}
      propertyPath: m_AnchoredPosition.y
      value: 0
      objectReference: {fileID: 0}
    - target: {fileID: 5305987131552372999, guid: 2369fdee5abe74cafa125adb105bd9e7, type: 3}
      propertyPath: m_SizeDelta.x
      value: 0
      objectReference: {fileID: 0}
    - target: {fileID: 5305987131552372999, guid: 2369fdee5abe74cafa125adb105bd9e7, type: 3}
      propertyPath: m_SizeDelta.y
      value: 0
      objectReference: {fileID: 0}
    - target: {fileID: 5565505694960845696, guid: 2369fdee5abe74cafa125adb105bd9e7, type: 3}
      propertyPath: m_AnchorMin.y
      value: 0
      objectReference: {fileID: 0}
    - target: {fileID: 5565505694960845696, guid: 2369fdee5abe74cafa125adb105bd9e7, type: 3}
      propertyPath: m_AnchorMax.y
      value: 0
      objectReference: {fileID: 0}
    - target: {fileID: 5565505694960845696, guid: 2369fdee5abe74cafa125adb105bd9e7, type: 3}
      propertyPath: m_AnchoredPosition.x
      value: 0
      objectReference: {fileID: 0}
    - target: {fileID: 5565505694960845696, guid: 2369fdee5abe74cafa125adb105bd9e7, type: 3}
      propertyPath: m_AnchoredPosition.y
      value: 0
      objectReference: {fileID: 0}
    - target: {fileID: 5715727357665077527, guid: 2369fdee5abe74cafa125adb105bd9e7, type: 3}
      propertyPath: m_OnClick.m_PersistentCalls.m_Calls.Array.data[0].m_Target
      value: 
      objectReference: {fileID: 1774033014}
    - target: {fileID: 5715727357665077527, guid: 2369fdee5abe74cafa125adb105bd9e7, type: 3}
      propertyPath: m_OnClick.m_PersistentCalls.m_Calls.Array.data[0].m_TargetAssemblyTypeName
      value: Code.Scripts.UI.Inventory.Full, Assembly-CSharp
      objectReference: {fileID: 0}
    - target: {fileID: 5983364006515841878, guid: 2369fdee5abe74cafa125adb105bd9e7, type: 3}
      propertyPath: m_AnchorMin.y
      value: 0
      objectReference: {fileID: 0}
    - target: {fileID: 5983364006515841878, guid: 2369fdee5abe74cafa125adb105bd9e7, type: 3}
      propertyPath: m_AnchorMax.y
      value: 0
      objectReference: {fileID: 0}
    - target: {fileID: 5983364006515841878, guid: 2369fdee5abe74cafa125adb105bd9e7, type: 3}
      propertyPath: m_AnchoredPosition.x
      value: 0
      objectReference: {fileID: 0}
    - target: {fileID: 5983364006515841878, guid: 2369fdee5abe74cafa125adb105bd9e7, type: 3}
      propertyPath: m_AnchoredPosition.y
      value: 0
      objectReference: {fileID: 0}
    - target: {fileID: 5983364006515841878, guid: 2369fdee5abe74cafa125adb105bd9e7, type: 3}
      propertyPath: m_SizeDelta.x
      value: 0
      objectReference: {fileID: 0}
    - target: {fileID: 5983364006515841878, guid: 2369fdee5abe74cafa125adb105bd9e7, type: 3}
      propertyPath: m_SizeDelta.y
      value: 0
      objectReference: {fileID: 0}
    - target: {fileID: 6207342589738207723, guid: 2369fdee5abe74cafa125adb105bd9e7, type: 3}
      propertyPath: m_AnchorMin.y
      value: 0
      objectReference: {fileID: 0}
    - target: {fileID: 6207342589738207723, guid: 2369fdee5abe74cafa125adb105bd9e7, type: 3}
      propertyPath: m_AnchorMax.y
      value: 0
      objectReference: {fileID: 0}
    - target: {fileID: 6207342589738207723, guid: 2369fdee5abe74cafa125adb105bd9e7, type: 3}
      propertyPath: m_AnchoredPosition.x
      value: 0
      objectReference: {fileID: 0}
    - target: {fileID: 6207342589738207723, guid: 2369fdee5abe74cafa125adb105bd9e7, type: 3}
      propertyPath: m_AnchoredPosition.y
      value: 0
      objectReference: {fileID: 0}
    - target: {fileID: 6207342589738207723, guid: 2369fdee5abe74cafa125adb105bd9e7, type: 3}
      propertyPath: m_SizeDelta.x
      value: 0
      objectReference: {fileID: 0}
    - target: {fileID: 6207342589738207723, guid: 2369fdee5abe74cafa125adb105bd9e7, type: 3}
      propertyPath: m_SizeDelta.y
      value: 0
      objectReference: {fileID: 0}
    - target: {fileID: 6415925323381434915, guid: 2369fdee5abe74cafa125adb105bd9e7, type: 3}
      propertyPath: m_AnchorMin.y
      value: 0
      objectReference: {fileID: 0}
    - target: {fileID: 6415925323381434915, guid: 2369fdee5abe74cafa125adb105bd9e7, type: 3}
      propertyPath: m_AnchorMax.y
      value: 0
      objectReference: {fileID: 0}
    - target: {fileID: 6415925323381434915, guid: 2369fdee5abe74cafa125adb105bd9e7, type: 3}
      propertyPath: m_AnchoredPosition.x
      value: 0
      objectReference: {fileID: 0}
    - target: {fileID: 6415925323381434915, guid: 2369fdee5abe74cafa125adb105bd9e7, type: 3}
      propertyPath: m_AnchoredPosition.y
      value: 0
      objectReference: {fileID: 0}
    - target: {fileID: 6415925323381434915, guid: 2369fdee5abe74cafa125adb105bd9e7, type: 3}
      propertyPath: m_SizeDelta.x
      value: 0
      objectReference: {fileID: 0}
    - target: {fileID: 6415925323381434915, guid: 2369fdee5abe74cafa125adb105bd9e7, type: 3}
      propertyPath: m_SizeDelta.y
      value: 0
      objectReference: {fileID: 0}
    - target: {fileID: 6571450099970972927, guid: 2369fdee5abe74cafa125adb105bd9e7, type: 3}
      propertyPath: m_AnchorMin.y
      value: 0
      objectReference: {fileID: 0}
    - target: {fileID: 6571450099970972927, guid: 2369fdee5abe74cafa125adb105bd9e7, type: 3}
      propertyPath: m_AnchorMax.y
      value: 0
      objectReference: {fileID: 0}
    - target: {fileID: 6571450099970972927, guid: 2369fdee5abe74cafa125adb105bd9e7, type: 3}
      propertyPath: m_AnchoredPosition.x
      value: 0
      objectReference: {fileID: 0}
    - target: {fileID: 6571450099970972927, guid: 2369fdee5abe74cafa125adb105bd9e7, type: 3}
      propertyPath: m_AnchoredPosition.y
      value: 0
      objectReference: {fileID: 0}
    - target: {fileID: 6571450099970972927, guid: 2369fdee5abe74cafa125adb105bd9e7, type: 3}
      propertyPath: m_SizeDelta.x
      value: 0
      objectReference: {fileID: 0}
    - target: {fileID: 6571450099970972927, guid: 2369fdee5abe74cafa125adb105bd9e7, type: 3}
      propertyPath: m_SizeDelta.y
      value: 0
      objectReference: {fileID: 0}
    - target: {fileID: 6821392815571754559, guid: 2369fdee5abe74cafa125adb105bd9e7, type: 3}
      propertyPath: m_AnchorMin.y
      value: 0
      objectReference: {fileID: 0}
    - target: {fileID: 6821392815571754559, guid: 2369fdee5abe74cafa125adb105bd9e7, type: 3}
      propertyPath: m_AnchorMax.y
      value: 0
      objectReference: {fileID: 0}
    - target: {fileID: 6821392815571754559, guid: 2369fdee5abe74cafa125adb105bd9e7, type: 3}
      propertyPath: m_AnchoredPosition.x
      value: 0
      objectReference: {fileID: 0}
    - target: {fileID: 6821392815571754559, guid: 2369fdee5abe74cafa125adb105bd9e7, type: 3}
      propertyPath: m_AnchoredPosition.y
      value: 0
      objectReference: {fileID: 0}
    - target: {fileID: 6821392815571754559, guid: 2369fdee5abe74cafa125adb105bd9e7, type: 3}
      propertyPath: m_SizeDelta.x
      value: 0
      objectReference: {fileID: 0}
    - target: {fileID: 6821392815571754559, guid: 2369fdee5abe74cafa125adb105bd9e7, type: 3}
      propertyPath: m_SizeDelta.y
      value: 0
      objectReference: {fileID: 0}
    - target: {fileID: 7150849702791095803, guid: 2369fdee5abe74cafa125adb105bd9e7, type: 3}
      propertyPath: m_AnchorMin.y
      value: 0
      objectReference: {fileID: 0}
    - target: {fileID: 7150849702791095803, guid: 2369fdee5abe74cafa125adb105bd9e7, type: 3}
      propertyPath: m_AnchorMax.y
      value: 0
      objectReference: {fileID: 0}
    - target: {fileID: 7150849702791095803, guid: 2369fdee5abe74cafa125adb105bd9e7, type: 3}
      propertyPath: m_AnchoredPosition.x
      value: 0
      objectReference: {fileID: 0}
    - target: {fileID: 7150849702791095803, guid: 2369fdee5abe74cafa125adb105bd9e7, type: 3}
      propertyPath: m_AnchoredPosition.y
      value: 0
      objectReference: {fileID: 0}
    - target: {fileID: 7441335156348926290, guid: 2369fdee5abe74cafa125adb105bd9e7, type: 3}
      propertyPath: m_Enabled
      value: 1
      objectReference: {fileID: 0}
    - target: {fileID: 7482117148407018356, guid: 2369fdee5abe74cafa125adb105bd9e7, type: 3}
      propertyPath: m_AnchorMin.y
      value: 0
      objectReference: {fileID: 0}
    - target: {fileID: 7482117148407018356, guid: 2369fdee5abe74cafa125adb105bd9e7, type: 3}
      propertyPath: m_AnchorMax.y
      value: 0
      objectReference: {fileID: 0}
    - target: {fileID: 7482117148407018356, guid: 2369fdee5abe74cafa125adb105bd9e7, type: 3}
      propertyPath: m_AnchoredPosition.x
      value: 0
      objectReference: {fileID: 0}
    - target: {fileID: 7482117148407018356, guid: 2369fdee5abe74cafa125adb105bd9e7, type: 3}
      propertyPath: m_AnchoredPosition.y
      value: 0
      objectReference: {fileID: 0}
    - target: {fileID: 7482117148407018356, guid: 2369fdee5abe74cafa125adb105bd9e7, type: 3}
      propertyPath: m_SizeDelta.x
      value: 0
      objectReference: {fileID: 0}
    - target: {fileID: 7482117148407018356, guid: 2369fdee5abe74cafa125adb105bd9e7, type: 3}
      propertyPath: m_SizeDelta.y
      value: 0
      objectReference: {fileID: 0}
    - target: {fileID: 7645991988968876182, guid: 2369fdee5abe74cafa125adb105bd9e7, type: 3}
      propertyPath: m_AnchorMin.y
      value: 0
      objectReference: {fileID: 0}
    - target: {fileID: 7645991988968876182, guid: 2369fdee5abe74cafa125adb105bd9e7, type: 3}
      propertyPath: m_AnchorMax.y
      value: 0
      objectReference: {fileID: 0}
    - target: {fileID: 7645991988968876182, guid: 2369fdee5abe74cafa125adb105bd9e7, type: 3}
      propertyPath: m_AnchoredPosition.x
      value: 0
      objectReference: {fileID: 0}
    - target: {fileID: 7645991988968876182, guid: 2369fdee5abe74cafa125adb105bd9e7, type: 3}
      propertyPath: m_AnchoredPosition.y
      value: 0
      objectReference: {fileID: 0}
    - target: {fileID: 7645991988968876182, guid: 2369fdee5abe74cafa125adb105bd9e7, type: 3}
      propertyPath: m_SizeDelta.x
      value: 0
      objectReference: {fileID: 0}
    - target: {fileID: 7645991988968876182, guid: 2369fdee5abe74cafa125adb105bd9e7, type: 3}
      propertyPath: m_SizeDelta.y
      value: 0
      objectReference: {fileID: 0}
    - target: {fileID: 7693439385632750304, guid: 2369fdee5abe74cafa125adb105bd9e7, type: 3}
      propertyPath: m_AnchorMin.y
      value: 0
      objectReference: {fileID: 0}
    - target: {fileID: 7693439385632750304, guid: 2369fdee5abe74cafa125adb105bd9e7, type: 3}
      propertyPath: m_AnchorMax.y
      value: 0
      objectReference: {fileID: 0}
    - target: {fileID: 7693439385632750304, guid: 2369fdee5abe74cafa125adb105bd9e7, type: 3}
      propertyPath: m_AnchoredPosition.x
      value: 0
      objectReference: {fileID: 0}
    - target: {fileID: 7693439385632750304, guid: 2369fdee5abe74cafa125adb105bd9e7, type: 3}
      propertyPath: m_AnchoredPosition.y
      value: 0
      objectReference: {fileID: 0}
    - target: {fileID: 7693439385632750304, guid: 2369fdee5abe74cafa125adb105bd9e7, type: 3}
      propertyPath: m_SizeDelta.x
      value: 0
      objectReference: {fileID: 0}
    - target: {fileID: 7693439385632750304, guid: 2369fdee5abe74cafa125adb105bd9e7, type: 3}
      propertyPath: m_SizeDelta.y
      value: 0
      objectReference: {fileID: 0}
    - target: {fileID: 7797555044876829323, guid: 2369fdee5abe74cafa125adb105bd9e7, type: 3}
      propertyPath: m_AnchorMin.y
      value: 0
      objectReference: {fileID: 0}
    - target: {fileID: 7797555044876829323, guid: 2369fdee5abe74cafa125adb105bd9e7, type: 3}
      propertyPath: m_AnchorMax.y
      value: 0
      objectReference: {fileID: 0}
    - target: {fileID: 7797555044876829323, guid: 2369fdee5abe74cafa125adb105bd9e7, type: 3}
      propertyPath: m_AnchoredPosition.x
      value: 0
      objectReference: {fileID: 0}
    - target: {fileID: 7797555044876829323, guid: 2369fdee5abe74cafa125adb105bd9e7, type: 3}
      propertyPath: m_AnchoredPosition.y
      value: 0
      objectReference: {fileID: 0}
    - target: {fileID: 7797555044876829323, guid: 2369fdee5abe74cafa125adb105bd9e7, type: 3}
      propertyPath: m_SizeDelta.x
      value: 0
      objectReference: {fileID: 0}
    - target: {fileID: 7797555044876829323, guid: 2369fdee5abe74cafa125adb105bd9e7, type: 3}
      propertyPath: m_SizeDelta.y
      value: 0
      objectReference: {fileID: 0}
    - target: {fileID: 7975719802315023504, guid: 2369fdee5abe74cafa125adb105bd9e7, type: 3}
      propertyPath: m_AnchorMin.y
      value: 0
      objectReference: {fileID: 0}
    - target: {fileID: 7975719802315023504, guid: 2369fdee5abe74cafa125adb105bd9e7, type: 3}
      propertyPath: m_AnchorMax.y
      value: 0
      objectReference: {fileID: 0}
    - target: {fileID: 7975719802315023504, guid: 2369fdee5abe74cafa125adb105bd9e7, type: 3}
      propertyPath: m_AnchoredPosition.x
      value: 0
      objectReference: {fileID: 0}
    - target: {fileID: 7975719802315023504, guid: 2369fdee5abe74cafa125adb105bd9e7, type: 3}
      propertyPath: m_AnchoredPosition.y
      value: 0
      objectReference: {fileID: 0}
    - target: {fileID: 8096600114111951006, guid: 2369fdee5abe74cafa125adb105bd9e7, type: 3}
      propertyPath: m_AnchorMin.y
      value: 0
      objectReference: {fileID: 0}
    - target: {fileID: 8096600114111951006, guid: 2369fdee5abe74cafa125adb105bd9e7, type: 3}
      propertyPath: m_AnchorMax.y
      value: 0
      objectReference: {fileID: 0}
    - target: {fileID: 8096600114111951006, guid: 2369fdee5abe74cafa125adb105bd9e7, type: 3}
      propertyPath: m_AnchoredPosition.x
      value: 0
      objectReference: {fileID: 0}
    - target: {fileID: 8096600114111951006, guid: 2369fdee5abe74cafa125adb105bd9e7, type: 3}
      propertyPath: m_AnchoredPosition.y
      value: 0
      objectReference: {fileID: 0}
    - target: {fileID: 8096600114111951006, guid: 2369fdee5abe74cafa125adb105bd9e7, type: 3}
      propertyPath: m_SizeDelta.x
      value: 0
      objectReference: {fileID: 0}
    - target: {fileID: 8096600114111951006, guid: 2369fdee5abe74cafa125adb105bd9e7, type: 3}
      propertyPath: m_SizeDelta.y
      value: 0
      objectReference: {fileID: 0}
    - target: {fileID: 8486306455336692872, guid: 2369fdee5abe74cafa125adb105bd9e7, type: 3}
      propertyPath: m_AnchorMin.y
      value: 0
      objectReference: {fileID: 0}
    - target: {fileID: 8486306455336692872, guid: 2369fdee5abe74cafa125adb105bd9e7, type: 3}
      propertyPath: m_AnchorMax.y
      value: 0
      objectReference: {fileID: 0}
    - target: {fileID: 8486306455336692872, guid: 2369fdee5abe74cafa125adb105bd9e7, type: 3}
      propertyPath: m_AnchoredPosition.x
      value: 0
      objectReference: {fileID: 0}
    - target: {fileID: 8486306455336692872, guid: 2369fdee5abe74cafa125adb105bd9e7, type: 3}
      propertyPath: m_AnchoredPosition.y
      value: 0
      objectReference: {fileID: 0}
    - target: {fileID: 8486306455336692872, guid: 2369fdee5abe74cafa125adb105bd9e7, type: 3}
      propertyPath: m_SizeDelta.x
      value: 0
      objectReference: {fileID: 0}
    - target: {fileID: 8486306455336692872, guid: 2369fdee5abe74cafa125adb105bd9e7, type: 3}
      propertyPath: m_SizeDelta.y
      value: 0
      objectReference: {fileID: 0}
    - target: {fileID: 8495529139515345578, guid: 2369fdee5abe74cafa125adb105bd9e7, type: 3}
      propertyPath: m_Name
      value: InventoryPanel
      objectReference: {fileID: 0}
    - target: {fileID: 8495529139515345581, guid: 2369fdee5abe74cafa125adb105bd9e7, type: 3}
      propertyPath: m_LocalPosition.x
      value: 0
      objectReference: {fileID: 0}
    - target: {fileID: 8495529139515345581, guid: 2369fdee5abe74cafa125adb105bd9e7, type: 3}
      propertyPath: m_LocalPosition.y
      value: 0
      objectReference: {fileID: 0}
    - target: {fileID: 8495529139515345581, guid: 2369fdee5abe74cafa125adb105bd9e7, type: 3}
      propertyPath: m_LocalPosition.z
      value: 0
      objectReference: {fileID: 0}
    - target: {fileID: 8495529139515345581, guid: 2369fdee5abe74cafa125adb105bd9e7, type: 3}
      propertyPath: m_LocalRotation.x
      value: 0
      objectReference: {fileID: 0}
    - target: {fileID: 8495529139515345581, guid: 2369fdee5abe74cafa125adb105bd9e7, type: 3}
      propertyPath: m_LocalRotation.y
      value: 0
      objectReference: {fileID: 0}
    - target: {fileID: 8495529139515345581, guid: 2369fdee5abe74cafa125adb105bd9e7, type: 3}
      propertyPath: m_LocalRotation.z
      value: 0
      objectReference: {fileID: 0}
    - target: {fileID: 8495529139515345581, guid: 2369fdee5abe74cafa125adb105bd9e7, type: 3}
      propertyPath: m_LocalRotation.w
      value: 1
      objectReference: {fileID: 0}
    - target: {fileID: 8495529139515345581, guid: 2369fdee5abe74cafa125adb105bd9e7, type: 3}
      propertyPath: m_RootOrder
      value: 0
      objectReference: {fileID: 0}
    - target: {fileID: 8495529139515345581, guid: 2369fdee5abe74cafa125adb105bd9e7, type: 3}
      propertyPath: m_LocalEulerAnglesHint.x
      value: 0
      objectReference: {fileID: 0}
    - target: {fileID: 8495529139515345581, guid: 2369fdee5abe74cafa125adb105bd9e7, type: 3}
      propertyPath: m_LocalEulerAnglesHint.y
      value: 0
      objectReference: {fileID: 0}
    - target: {fileID: 8495529139515345581, guid: 2369fdee5abe74cafa125adb105bd9e7, type: 3}
      propertyPath: m_LocalEulerAnglesHint.z
      value: 0
      objectReference: {fileID: 0}
    - target: {fileID: 8495529139515345581, guid: 2369fdee5abe74cafa125adb105bd9e7, type: 3}
      propertyPath: m_AnchoredPosition.x
      value: 0
      objectReference: {fileID: 0}
    - target: {fileID: 8495529139515345581, guid: 2369fdee5abe74cafa125adb105bd9e7, type: 3}
      propertyPath: m_AnchoredPosition.y
      value: 0
      objectReference: {fileID: 0}
    - target: {fileID: 8495529139515345581, guid: 2369fdee5abe74cafa125adb105bd9e7, type: 3}
      propertyPath: m_SizeDelta.x
      value: 0
      objectReference: {fileID: 0}
    - target: {fileID: 8495529139515345581, guid: 2369fdee5abe74cafa125adb105bd9e7, type: 3}
      propertyPath: m_SizeDelta.y
      value: 0
      objectReference: {fileID: 0}
    - target: {fileID: 8495529139515345581, guid: 2369fdee5abe74cafa125adb105bd9e7, type: 3}
      propertyPath: m_AnchorMin.x
      value: 0
      objectReference: {fileID: 0}
    - target: {fileID: 8495529139515345581, guid: 2369fdee5abe74cafa125adb105bd9e7, type: 3}
      propertyPath: m_AnchorMin.y
      value: 0
      objectReference: {fileID: 0}
    - target: {fileID: 8495529139515345581, guid: 2369fdee5abe74cafa125adb105bd9e7, type: 3}
      propertyPath: m_AnchorMax.x
      value: 1
      objectReference: {fileID: 0}
    - target: {fileID: 8495529139515345581, guid: 2369fdee5abe74cafa125adb105bd9e7, type: 3}
      propertyPath: m_AnchorMax.y
      value: 1
      objectReference: {fileID: 0}
    - target: {fileID: 8495529139515345581, guid: 2369fdee5abe74cafa125adb105bd9e7, type: 3}
      propertyPath: m_Pivot.x
      value: 0.5
      objectReference: {fileID: 0}
    - target: {fileID: 8495529139515345581, guid: 2369fdee5abe74cafa125adb105bd9e7, type: 3}
      propertyPath: m_Pivot.y
      value: 0.5
      objectReference: {fileID: 0}
    - target: {fileID: 8689899191008699784, guid: 2369fdee5abe74cafa125adb105bd9e7, type: 3}
      propertyPath: m_AnchorMin.y
      value: 0
      objectReference: {fileID: 0}
    - target: {fileID: 8689899191008699784, guid: 2369fdee5abe74cafa125adb105bd9e7, type: 3}
      propertyPath: m_AnchorMax.y
      value: 0
      objectReference: {fileID: 0}
    - target: {fileID: 8689899191008699784, guid: 2369fdee5abe74cafa125adb105bd9e7, type: 3}
      propertyPath: m_AnchoredPosition.x
      value: 0
      objectReference: {fileID: 0}
    - target: {fileID: 8689899191008699784, guid: 2369fdee5abe74cafa125adb105bd9e7, type: 3}
      propertyPath: m_AnchoredPosition.y
      value: 0
      objectReference: {fileID: 0}
    m_RemovedComponents:
    - {fileID: 7441335156348926290, guid: 2369fdee5abe74cafa125adb105bd9e7, type: 3}
  m_SourcePrefab: {fileID: 100100000, guid: 2369fdee5abe74cafa125adb105bd9e7, type: 3}
